% !TEX root = ../preamble.tex

% http://drops.dagstuhl.de/opus/volltexte/2013/4296/pdf/ch09-ikonomovska.pdf
@InCollection{reservoir,
  author =	{Elena Ikonomovska and Mariano Zelke},
  title =	{{Algorithmic Techniques for Processing Data Streams}},
  booktitle =	{Data Exchange, Integration, and Streams},
  pages =	{237--274},
  series =	{Dagstuhl Follow-Ups},
  ISBN =	{978-3-939897-61-3},
  ISSN =	{1868-8977},
  year =	{2013},
  volume =	{5},
  editor =	{Phokion G. Kolaitis and Maurizio Lenzerini and Nicole Schweikardt},
  publisher =	{Schloss Dagstuhl--Leibniz-Zentrum fuer Informatik},
  address =	{Dagstuhl, Germany},
  URL =	{http://drops.dagstuhl.de/opus/volltexte/2013/4296},
  URN =	{urn:nbn:de:0030-drops-42968},
  doi =		{http://dx.doi.org/10.4230/DFU.Vol5.10452.237},
  annote =	{Keywords: streaming algorithm, sampling, sketching, group testing, histogram}
}

% http://cglab.ca/~morin/publications/traffic/streaming-sirocco.pdf
@inproceedings{mark1,
  author    = {Prosenjit Bose and
               Evangelos Kranakis and
               Pat Morin and
               Yihui Tang},
  title     = {Bounds for Frequency Estimation of Packet Streams},
  booktitle = {{SIROCCO} 10: Proceedings of the 10th Internaltional Colloquium on
               Structural Information Complexity, June 18-20, 2003, Ume{\aa} Sweden},
  pages     = {33--42},
  year      = {2003},
  crossref  = {DBLP:conf/sirocco/2003},
  timestamp = {Thu, 05 Feb 2004 10:15:25 +0100},
  biburl    = {http://dblp.uni-trier.de/rec/bib/conf/sirocco/BoseKMT03},
  bibsource = {dblp computer science bibliography, http://dblp.org}
}

% http://infolab.stanford.edu/~ullman/mmds/ch3.pdf
@book{mark2,
 author = {Rajaraman, Anand and Ullman, Jeffrey David},
 title = {Mining of Massive Datasets},
 year = {2011},
 isbn = {1107015359, 9781107015357},
 publisher = {Cambridge University Press},
 address = {New York, NY, USA},
} 